@book{Lamport:LaTeX,
  author    = {Leslie Lamport},
  title     = {{\LaTeX}: A Document Preparation System},
  publisher = {Addison-Wesley},
  address   = {Reading, MA},
  year      = {1994},
  edition   = {2nd}
}

@book{Knuth:1984,
  author    = {Donald E. Knuth},
  title     = {The {\TeX}book},
  publisher = {Addison-Wesley},
  address   = {Reading, MA},
  year      = {1984}
}

@article{Abril07,
  author        = {Patricia S. Abril and Robert Plant},
  title         = {The patent holder's dilemma: Buy, sell, or troll?},
  journal       = {Communications of the ACM},
  volume        = {50},
  number        = {1},
  month         = {January},
  year          = {2007},
  pages         = {36--44},
  doi           = {10.1145/1188913.1188915}
}

@inproceedings{Smith10,
  author    = {Stan W. Smith},
  title     = {An experiment in bibliographic mark-up: Parsing metadata for XML export},
  booktitle = {Proceedings of the 3rd Annual Workshop on Librarians and Computers},
  series    = {LAC '10},
  editor    = {Reginald N. Smythe and Alexander Noble},
  volume    = {3},
  year      = {2010},
  publisher = {Paparazzi Press},
  address   = {Milan, Italy},
  pages     = {422--431}
}

@article{Cohen07,
  author    = {Sarah Cohen and Werner Nutt and Yehoshua Sagic},
  title     = {Deciding equivalances among conjunctive aggregate queries},
  journal   = {Journal of the ACM},
  articleno = {5},
  numpages  = {50},
  volume    = {54},
  number    = {2},
  month     = {April},
  year      = {2007},
  doi       = {10.1145/1219092.1219093}
}
